@book{salmon1998,
  title={Lectures on geophysical fluid dynamics},
  author={Salmon, Rick},
  year={1998},
  publisher={Oxford University Press, USA}
}

@article{von_arx1952,
    author = {Von ARX, WILLIAM S.},
    title = {A Laboratory Study of the Wind-driven Ocean Circulation.},
    journal = {Tellus},
    volume = {4},
    number = {4},
    pages = {311-318},
    doi = {https://doi.org/10.1111/j.2153-3490.1952.tb01018.x},
    year = {1952}
}
