@book{salmon1998,
  title={Lectures on geophysical fluid dynamics},
  author={Salmon, Rick},
  year={1998},
  publisher={Oxford University Press, USA}
}

@article{von_arx1952,
    author = {Von ARX, WILLIAM S.},
    title = {A Laboratory Study of the Wind-driven Ocean Circulation.},
    journal = {Tellus},
    volume = {4},
    number = {4},
    pages = {311-318},
    doi = {https://doi.org/10.1111/j.2153-3490.1952.tb01018.x},
    year = {1952}
}

@article{gent1982,
  title     = "Intermediate model solutions to the Lorenz equations: Strange
               attractors and other phenomena",
  author    = "Gent, Peter R and McWilliams, James C",
  journal   = "J. Atmos. Sci.",
  publisher = "American Meteorological Society",
  volume    =  39,
  number    =  1,
  pages     = "3--13",
  month     =  jan,
  year      =  1982,
  language  = "en"
}


@article{lorenz1980,
  title     = "Attractor sets and quasi-geostrophic equilibrium",
  author    = "Lorenz, Edward N",
  journal   = "J. Atmos. Sci.",
  publisher = "American Meteorological Society",
  volume    =  37,
  number    =  8,
  pages     = "1685--1699",
  month     =  aug,
  year      =  1980,
  language  = "en"
}

@unpublished{roma2023,
  author        = {A. M. Roma, J. S. Bevilacqua, R. L. Nós},
  title         = {Métodos para a solução numérica de equações diferenciais ordinárias a valores iniciais},
  year          = {2023},
  note          = {Notas de aula, curso de Métodos Numéricos, USP}
}

@article{checkroun2021,
  title     = "Stochastic rectification of fast oscillations on slow manifold
               closures",
  author    = "Chekroun, Micka{\"e}l D and Liu, Honghu and McWilliams, James C",
  journal   = "Proc. Natl. Acad. Sci. U. S. A.",
  publisher = "Proceedings of the National Academy of Sciences",
  volume    =  118,
  number    =  48,
  pages     = "e2113650118",
  month     =  nov,
  year      =  2021,
  keywords  = "fast oscillations; multiscale chaos; multiscale closure; slow
               manifold; stochastic parameterization",
  copyright = "https://creativecommons.org/licenses/by-nc-nd/4.0/",
  language  = "en"
}

@article{checkroun2017,
  title     = "The emergence of fast oscillations in a reduced primitive
               equation model and its implications for closure theories",
  author    = "Chekroun, Micka{\"e}l D and Liu, Honghu and McWilliams, James C",
  journal   = "Comput. Fluids",
  publisher = "Elsevier BV",
  volume    =  151,
  pages     = "3--22",
  month     =  jun,
  year      =  2017,
  copyright = "http://creativecommons.org/licenses/by-nc-nd/4.0/"
}

@book{gill1982,
    author = "Adrian E. Gill",
    title     = "Front matter",
    booktitle = "International Geophysics",
    publisher = "Elsevier",
    pages     = "iii",
    series    = "International geophysics series",
    year      =  1982
}
