@book{salmon1998,
  title={Lectures on geophysical fluid dynamics},
  author={Salmon, Rick},
  year={1998},
  publisher={Oxford University Press, USA}
}

@article{von_arx1952,
    author = {Von ARX, WILLIAM S.},
    title = {A Laboratory Study of the Wind-driven Ocean Circulation.},
    journal = {Tellus},
    volume = {4},
    number = {4},
    pages = {311-318},
    doi = {https://doi.org/10.1111/j.2153-3490.1952.tb01018.x},
    year = {1952}
}

@article{gent1982,
  title     = "Intermediate model solutions to the Lorenz equations: Strange
               attractors and other phenomena",
  author    = "Gent, Peter R and McWilliams, James C",
  journal   = "J. Atmos. Sci.",
  publisher = "American Meteorological Society",
  volume    =  39,
  number    =  1,
  pages     = "3--13",
  month     =  jan,
  year      =  1982,
  language  = "en"
}


@article{lorenz1980,
  title     = "Attractor sets and quasi-geostrophic equilibrium",
  author    = "Lorenz, Edward N",
  journal   = "J. Atmos. Sci.",
  publisher = "American Meteorological Society",
  volume    =  37,
  number    =  8,
  pages     = "1685--1699",
  month     =  aug,
  year      =  1980,
  language  = "en"
}

